<record><leader>00000cas a22000007a 4500</leader><controlfield tag="001">9994355</controlfield><controlfield tag="008">831008d18551857ohuwr ne      0    0eng d</controlfield><controlfield tag="009">3783</controlfield><datafield ind1=" " ind2=" " tag="010"><subfield code="a">sn 83035507 </subfield></datafield><datafield ind1=" " ind2=" " tag="040"><subfield code="a">NPY</subfield><subfield code="b">eng</subfield><subfield code="c">NPY</subfield><subfield code="d">ONP</subfield></datafield><datafield ind1=" " ind2=" " tag="042"><subfield code="a">msc</subfield></datafield><datafield ind1="0" ind2="0" tag="245"><subfield code="a">Columbiana County Republican.</subfield></datafield><datafield ind1=" " ind2=" " tag="260"><subfield code="a">Salem, Col. [Columbiana] Co., O. [Ohio] :</subfield><subfield code="b">Rukenbrod &amp; Hutton,</subfield><subfield code="c">1855-1857.</subfield></datafield><datafield ind1=" " ind2=" " tag="300"><subfield code="a">v.</subfield></datafield><datafield ind1=" " ind2=" " tag="310"><subfield code="a">Weekly</subfield></datafield><datafield ind1="0" ind2=" " tag="362"><subfield code="a">Vol. 8, no. 41 (Apr. 11, 1855)-v. 10, no. 52 (June 17, 1857).</subfield></datafield><datafield ind1=" " ind2=" " tag="500"><subfield code="a">Publishers: Rukenbrod &amp; Hutton, Apr. 1855-Mar. 1856; Rukenbrod, Mar. 1856-June, 1857.</subfield></datafield><datafield ind1=" " ind2=" " tag="500"><subfield code="a">"Republican."</subfield></datafield><datafield ind1=" " ind2=" " tag="752"><subfield code="a">United States</subfield><subfield code="b">Ohio</subfield><subfield code="c">Columbiana</subfield><subfield code="d">Salem.</subfield></datafield><datafield ind1="0" ind2="0" tag="780"><subfield code="t">Homestead journal (Salem, Ohio : 1848)</subfield><subfield code="w">(DLC)sn 83035506</subfield></datafield><datafield ind1="0" ind2="0" tag="785"><subfield code="t">Salem Republican (Salem, Ohio : Weekly)</subfield><subfield code="w">(DLC)sn 83035509</subfield></datafield></record>